@Misc{风电场风能资源评估方法,
  title={风电场风能资源评估方法 [S]},
  author={2002, GB/T18710},
  year={2002}
}
@phdthesis{风能资源评估和机组选型在风电场选址中的应用,
  type = {{硕士}},
  title = {{风能资源评估和机组选型在风电场选址中的应用}},
  author = {{方笑}},
  year = {2011},
  language = {中文;},
  school = {湖南大学},
  keywords = {Capacity factor,Wind farm siting,Wind power generation,Wind power resource assessment,Wind turbine selection,容量系数,机组选型,风力发电,风电场选址,风能资源评估}
}
@article{FengNeng,
  title = {{風能}},
  year = {2021},
  journal = {维基百科，自由的百科全书},
  copyright = {Creative Commons Attribution-ShareAlike License},
  language = {zh-Hans-CN},
  annotation = {Page Version ID: 66406905}
}
@article{风电场运行状况分析及优化,
   title={风电场运行状况分析及优化},
   author={王积建;},
   authoraddress={浙江工贸职业技术学院人文学院;},
   journal={数学建模及其应用},
   year={2016},
   volume={5},
   {number}={04},
   pages={50-62+69},
   keywords={威布尔分布;随机优化模型;多目标规划模型;蒙特卡罗法},
   isbn/issn={2095-3070},
   notes={37-1485/o1},
   databaseprovider={cnki},
}
@article{威布尔分布,
  title = {{威布尔分布}},
  year = {2020},
  journal = {维基百科，自由的百科全书},
  copyright = {Creative Commons Attribution-ShareAlike License},
  language = {zh-Hans-CN},
  annotation = {Page Version ID: 62918529}
}


