@article{NPKunNan,
  title = {{NP困难}},
  year = {2021},
  journal = {维基百科，自由的百科全书},
  copyright = {Creative Commons Attribution-ShareAlike License},
  language = {zh-Hans-CN},
  annotation = {Page Version ID: 66482574}
}
@phdthesis{无线可充电传感器网络充电规划方法研究,
  type = {{硕士}},
  title = {{无线可充电传感器网络充电规划方法研究}},
  author = {刘蕴娴},
  year = {2018},
  language = {中文;},
  school = {湘潭大学},
  keywords = {Income Maximization,Network Connectivity,Path Planning,Wireless Charging Technology,Wireless Rechargeable Sensor Network,收益最大化,无线充电技术,无线可充电传感器网络,网络连通性,路径规划}
}
@incollection{YANG201467,
title = {Chapter 4 - Simulated Annealing},
editor = {Xin-She Yang},
booktitle = {Nature-Inspired Optimization Algorithms},
publisher = {Elsevier},
address = {Oxford},
pages = {67-75},
year = {2014},
isbn = {978-0-12-416743-8},
doi = {https://doi.org/10.1016/B978-0-12-416743-8.00004-X},
url = {https://www.sciencedirect.com/science/article/pii/B978012416743800004X},
author = {Xin-She Yang},
keywords = {Annealing schedule, Simulated annealing, Markov chain, Optimization}
}
@book{数学建模算法与应用,
  title={数学建模算法与应用},
  author={司守奎},
  year={2015},
  publisher={国防工业出版社}
}
@misc{gurobi,
  author = {{Gurobi Optimization, LLC}},
  title = {{Gurobi Optimizer Reference Manual}},
  year = 2021,
  url = "https://www.gurobi.com"
}
@book{toth2002vehicle,
  title={The vehicle routing problem},
  author={Toth, Paolo and Vigo, Daniele},
  year={2002},
  publisher={SIAM}
}
@misc{zhihu,
  title = {{物联网无线传感器的电池供电时间挑战}},
  journal = {知乎专栏},
  howpublished = {https://zhuanlan.zhihu.com/p/98851918},
  language = {zh}
}