@article{斯皮尔曼等级相关系数,
  title = {{斯皮尔曼等级相关系数}},
  year = {2021},
  journal = {维基百科，自由的百科全书},
  copyright = {Creative Commons Attribution-ShareAlike License},
  language = {zh-Hans-CN},
  annotation = {Page Version ID: 64333529}
}
@article{协方差,
  title = {{协方差}},
  year = {2021},
  journal = {维基百科，自由的百科全书},
  copyright = {Creative Commons Attribution-ShareAlike License},
  language = {zh-Hans-CN},
  annotation = {Page Version ID: 64978050}
}
@book{数学建模算法与应用,
  title={数学建模算法与应用},
  author={司守奎},
  year={2015},
  publisher={国防工业出版社}
}
@article{价格联动模型,
   title={供给侧改革背景下水稻供需与价格联动模型},
   author={朱艳娜;何刚;乔国通;},
   authoraddress={安徽理工大学经济与管理学院;安徽理工大学电气与信息工程学院;},
   journal={粮食与油脂},
   year={2019},
   volume={32},
   {number}={05},
   pages={86-89},
   keywords={供需与价格联动模型;arima;粮食最低收购价;价格规律},
   abstract={为有效探究供给侧改革背景下粮食最低收购价政策实施效果,以水稻作物为研究对象,选取影响其价格、供给量及需求量的指标。基于供需理论构建粮食供需与价格联动模型,测度未来几年水稻的价格;借助广义矩估计方法(gmm)评估模型,并同运用差分自回归移动平均模型(arima)计算的未来几年水稻价格预测值实施对比。结果显示},
   isbn/issn={1008-9578},
   notes={31-1235/ts},
   databaseprovider={cnki},
}
@article{gmm,
   title={动态面板数据模型的gmm估计及其应用},
   author={李群峰;},
   authoraddress={河南师范大学经济与管理学院;},
   journal={统计与决策},
   year={2010},
   {number}={16},
   pages={161-163},
   keywords={gmm估计;动态面板数据模型;溢出效应},
   abstract={动态面板数据模型由于存在滞后项作为解释变量,导致传统参数估计方法在估计时存在有偏性和非一致性而只能采取gmm估计。文章整理了动态面板数据模型gmm估计方法的基本原理和思路,选取2003-2007年的行业面板数据建立动态面板数据模型,利用gmm估计方法对fdi对我国工业部门技术水平的溢出效应进行实证检验,结果表明基于gmm估计的动态面板数据模型较好的刻画了fdi的溢出效应。},
   isbn/issn={1002-6487},
   notes={42-1009/c},
   databaseprovider={cnki},
}
@article{无偏灰色预测模型,
  title={无偏灰色预测模型},
  author={吉培荣;黄巍松},
  journal={系统工程与电子技术},
  volume={22},
  number={6},
  pages={6--7},
  year={2000}
}